<record><leader>00000cas a22000007a 4500</leader><controlfield tag="001">18008236</controlfield><controlfield tag="008">880527c19489999lauwr ne      0    0eng d</controlfield><datafield ind1=" " ind2=" " tag="010"><subfield code="a">sn 88064455 </subfield></datafield><datafield ind1=" " ind2=" " tag="040"><subfield code="a">LNP</subfield><subfield code="b">eng</subfield><subfield code="c">LNP</subfield><subfield code="d">DLC</subfield><subfield code="d">OCLCF</subfield><subfield code="d">OCLCO</subfield></datafield><datafield ind1=" " ind2=" " tag="042"><subfield code="a">msc</subfield></datafield><datafield ind1="0" ind2="0" tag="245"><subfield code="a">Teche news.</subfield></datafield><datafield ind1=" " ind2=" " tag="260"><subfield code="a">St. Martinville, La. :</subfield><subfield code="b">Laizaire E. Bienvenu,</subfield></datafield><datafield ind1=" " ind2=" " tag="310"><subfield code="a">Weekly</subfield></datafield><datafield ind1="0" ind2=" " tag="362"><subfield code="a">Vol. 63, no. 24 (Sept. 10, 1948)-</subfield></datafield><datafield ind1=" " ind2=" " tag="500"><subfield code="a">"Official journal ... towns of St. Martinville and Breaux Bridge, and village of Parks."</subfield></datafield><datafield ind1=" " ind2="0" tag="651"><subfield code="a">Saint Martinville (La.)</subfield><subfield code="v">Newspapers.</subfield></datafield><datafield ind1=" " ind2="0" tag="651"><subfield code="a">Breaux Bridge (La.)</subfield><subfield code="v">Newspapers.</subfield></datafield><datafield ind1=" " ind2="0" tag="651"><subfield code="a">Parks (La.)</subfield><subfield code="v">Newspapers.</subfield></datafield><datafield ind1=" " ind2="7" tag="655"><subfield code="a">Newspapers.</subfield><subfield code="2">fast</subfield><subfield code="0">(OCoLC)fst01423814</subfield></datafield><datafield ind1=" " ind2="7" tag="651"><subfield code="a">Louisiana</subfield><subfield code="z">Breaux Bridge.</subfield><subfield code="2">fast</subfield><subfield code="0">(OCoLC)fst01226258</subfield></datafield><datafield ind1=" " ind2="7" tag="651"><subfield code="a">Louisiana</subfield><subfield code="z">Parks.</subfield><subfield code="2">fast</subfield><subfield code="0">(OCoLC)fst01225434</subfield></datafield><datafield ind1=" " ind2="7" tag="651"><subfield code="a">Louisiana</subfield><subfield code="z">Saint Martinville.</subfield><subfield code="2">fast</subfield><subfield code="0">(OCoLC)fst01210549</subfield></datafield><datafield ind1=" " ind2=" " tag="752"><subfield code="a">United States</subfield><subfield code="b">Louisiana</subfield><subfield code="c">Saint Martin</subfield><subfield code="d">Saint Martinville.</subfield></datafield><datafield ind1=" " ind2=" " tag="752"><subfield code="a">United States</subfield><subfield code="b">Louisiana</subfield><subfield code="c">Saint Martin</subfield><subfield code="d">Breaux Bridge.</subfield></datafield><datafield ind1=" " ind2=" " tag="752"><subfield code="a">United States</subfield><subfield code="b">Louisiana</subfield><subfield code="c">Saint Martin</subfield><subfield code="d">Parks.</subfield></datafield><datafield ind1="0" ind2="0" tag="780"><subfield code="t">Weekly messenger (Saint Martinville, La.)</subfield><subfield code="x">2166-8043</subfield><subfield code="w">(DLC)sn 88064454</subfield><subfield code="w">(OCoLC)17994746</subfield></datafield></record>